@article{cao2008maximum,
  title={A maximum common substructure-based algorithm for searching and predicting drug-like compounds},
  author={Cao, Yiqun and Jiang, Tao and Girke, Thomas},
  journal={Bioinformatics},
  volume={24},
  number={13},
  pages={i366--i374},
  year={2008},
  publisher={Oxford Univ Press}
}

@article{xu1996gma,
  title={GMA: a generic match algorithm for structural homomorphism, isomorphism, and maximal common substructure match and its applications},
  author={Xu, Jun},
  journal={J. Chem. Inf. Comput. Sci.},
  volume={36},
  number={1},
  pages={25--34},
  year={1996},
  publisher={ACS Publications}
}

@article{keiser2007relating,
  title={Relating protein pharmacology by ligand chemistry},
  author={Keiser, Michael J and Roth, Bryan L and Armbruster, Blaine N and Ernsberger, Paul and Irwin, John J and Shoichet, Brian K},
  journal={Nat. Biotechnol.},
  volume={25},
  number={2},
  pages={197--206},
  year={2007},
  publisher={Nature Publishing Group}
}

@article{varshney-first:2023,
title = {Emotion-and-knowledge grounded response generation in an open-domain dialogue setting},
journal = {Knowledge-Based Systems},
volume = {284},
pages = {111173},
year = {2024},
issn = {0950-7051},
doi = {https://doi.org/10.1016/j.knosys.2023.111173},
url = {https://www.sciencedirect.com/science/article/pii/S0950705123009231},
author = {Deeksha Varshney and Asif Ekbal and Erik Cambria},
keywords = {Response generation, Emotion, Knowledge, Transformers},
}

@incollection{convology,
title = {Chapter 2 - Convology: an ontology for conversational agents in digital health},
editor = {Sarika Jain and Vishal Jain and Valentina Emilia Balas},
booktitle = {Web Semantics},
publisher = {Academic Press},
pages = {7-21},
year = {2021},
isbn = {978-0-12-822468-7},
doi = {https://doi.org/10.1016/B978-0-12-822468-7.00004-3},
url = {https://www.sciencedirect.com/science/article/pii/B9780128224687000043},
author = {Mauro Dragoni and Giuseppe Rizzo and Matteo A. Senese},
}